@article{papatawn,
title = "Extended generalised Pareto models for tail estimation",
journal = "Journal of Statistical Planning and Inference",
volume = "143",
number = "1",
pages = "131 - 143",
year = "2013",
issn = "0378-3758",
doi = "https://doi.org/10.1016/j.jspi.2012.07.001",
url = "http://www.sciencedirect.com/science/article/pii/S0378375812002388",
author = "Ioannis Papastathopoulos and Jonathan A. Tawn"
}

@article{test1,
 author = {Stuart G. Coles and Jonathan A. Tawn},
 journal = {Journal of the Royal Statistical Society. Series B (Methodological)},
 number = {2},
 pages = {329--347},
 publisher = {[Royal Statistical Society, Wiley]},
 title = {Modelling Extremes of the Areal Rainfall Process},
 volume = {58},
 year = {1996}
}

@article{test2,
author = { Y.   Malevergne  and  V.   Pisarenko  and  D.   Sornette },
title = {On the power of generalized extreme value (GEV) and generalized Pareto distribution (GPD) estimators for empirical distributions of stock returns},
journal = {Applied Financial Economics},
volume = {16},
number = {3},
pages = {271-289},
year  = {2006},
publisher = {Routledge}

}

@book{gpd,
  added-at = {2010-11-26T10:56:55.000+0100},
  address = {London},
  author = {Coles, Stuart},
  biburl = {https://www.bibsonomy.org/bibtex/2eeb18b99ed553d367e303102fd9916e0/marsianus},
  interhash = {4d82deba9ce3cb72aa2ad575fbabd6c7},
  intrahash = {eeb18b99ed553d367e303102fd9916e0},
  isbn = {1-85233-459-2},
  keywords = {basic EVT multivariate},
  mrclass = {62-01 (60G70 62G32)},
  mrnumber = {1932132 (2003h:62002)},
  publisher = {Springer-Verlag},
  series = {Springer Series in Statistics},
  timestamp = {2011-09-07T11:28:00.000+0200},
  title = {An introduction to statistical modeling of extreme values},
  year = 2001
}
@Inbook{index,
title="Limit Distributions and Domains of Attraction",
bookTitle="Extreme Value Theory: An Introduction",
year="2006",
author = {laurens de haan and Ana Ferreira},
publisher="Springer New York",
address="New York, NY",
pages="3--46",
isbn="978-0-387-34471-3",
doi="10.1007/0-387-34471-3_1",
url="https://doi.org/10.1007/0-387-34471-3_1"
}
@article{fig5,
author = {Wadsworth, J. L. and Tawn, J. A.},
title = {Likelihood-based procedures for threshold diagnostics and uncertainty in extreme value modelling},
journal = {Journal of the Royal Statistical Society: Series B (Statistical Methodology)},
volume = {74},
number = {3},
pages = {543-567},
year = {2012}
}
